<?xml version="1.0" encoding="UTF-8"?><collection xmlns="http://www.loc.gov/MARC21/slim"><record><leader>00350nam--2200133-i-4500</leader><controlfield tag="001">000012558</controlfield><controlfield tag="002">20161230</controlfield><controlfield tag="005">20161230201029</controlfield><controlfield tag="008">060222s1000------------r-----000-0-eng-d</controlfield><datafield ind1=" " ind2=" " tag="080"><subfield code="a">621.039.512</subfield></datafield><datafield ind1=" " ind2=" " tag="100"><subfield code="a">Berinde, A.Si Vladuca, G</subfield></datafield><datafield ind1=" " ind2=" " tag="245"><subfield code="a">Reactii nucleare neutronice in reactor</subfield></datafield><datafield ind1=" " ind2=" " tag="260"><subfield code="a">Bucuresti, Editura Tehnica, 1978 308 P</subfield></datafield><datafield ind1=" " ind2=" " tag="852"><subfield code="a">45661</subfield></datafield></record></collection>